@article{Shi_2012,
   title={Relation of a New Interpretation of Stochastic Differential Equations to Ito Process},
   volume={148},
   ISSN={1572-9613},
   url={http://dx.doi.org/10.1007/s10955-012-0532-8},
   DOI={10.1007/s10955-012-0532-8},
   number={3},
   journal={Journal of Statistical Physics},
   publisher={Springer Science and Business Media LLC},
   author={Shi, Jianghong and Chen, Tianqi and Yuan, Ruoshi and Yuan, Bo and Ao, Ping},
   year={2012},
   month=jul, pages={579â€“590} }

@inbook{inbook,
author = {Sauer, Timothy},
year = {2012},
month = {07},
pages = {529-550},
title = {Numerical Solution of Stochastic Differential Equations in Finance},
isbn = {978-3-642-17253-3},
journal = {Handbook of Computational Finance},
doi = {10.1007/978-3-642-17254-0_19}
}

@book{rudin1976principles,
  title={Principles of Mathematical Analysis},
  author={Rudin, W.},
  isbn={9780070856134},
  lccn={75179033},
  series={International series in pure and applied mathematics},
  url={https://books.google.de/books?id=kwqzPAAACAAJ},
  year={1976},
  publisher={McGraw-Hill}
}
