@inproceedings{zhu1996switched,
  title={Switched-capacitor power supplies: DC voltage ratio, efficiency, ripple, regulation},
  author={Zhu, Guangyong and Ioinovici, Adrian},
  booktitle={1996 IEEE International Symposium on Circuits and Systems (ISCAS)},
  volume={1},
  pages={553--556},
  year={1996},
  organization={IEEE}
}

@book{scoles1980handbook,
  title={Handbook of Rectifier Circuits},
  author={Scoles, G.J.},
  isbn={9780470269503},
  lccn={79041814},
  series={Ellis Horwood series in electrical and electronic engineering},
  url={https://books.google.de/books?id=O6g1AAAAIAAJ},
  year={1980},
  publisher={E. Horwood}
}

@misc{Keysight,
  title = {What is AC Coupling?},
  howpublished = {\url{https://www.keysight.com/used/us/en/knowledge/glossary/oscilloscopes/what-is-ac-coupling}},
  note = {Accessed: 08.07.24}
}
