@inbook{inbook,
author = {Sauer, Timothy},
year = {2012},
month = {07},
pages = {529-550},
title = {Numerical Solution of Stochastic Differential Equations in Finance},
isbn = {978-3-642-17253-3},
journal = {Handbook of Computational Finance},
doi = {10.1007/978-3-642-17254-0_19}
}

@book{kuo2005introduction,
  title={Introduction to Stochastic Integration},
  author={Kuo, H.H.},
  isbn={9780387287201},
  lccn={2005935287},
  series={Universitext},
  url={https://books.google.de/books?id=VEAxuzpCvj0C},
  year={2005},
  publisher={Springer New York}
}

@book{oksendal2010stochastic,
  title={Stochastic Differential Equations: An Introduction with Applications},
  author={{\O}ksendal, B.},
  isbn={9783642143946},
  lccn={2003052637},
  series={Universitext},
  url={https://books.google.de/books?id=EQZEAAAAQBAJ},
  year={2010},
  publisher={Springer Berlin Heidelberg}
}
